@article{Walker:2006:ELA:1183029.1183034,
 author = {Walker, Ray},
 title = {Examining Load Average},
 journal = {Linux J.},
 issue_date = {December 2006},
 volume = {2006},
 number = {152},
 month = dec,
 year = {2006},
 issn = {1075-3583},
 pages = {5--},
 url = {http://dl.acm.org/citation.cfm?id=1183029.1183034},
 acmid = {1183034},
 publisher = {Belltown Media},
 address = {Houston, TX},
} 